@book{iyengar2010news,
  title={News that matters: Television and American opinion},
  author={Iyengar, Shanto and Kinder, Donald R},
  year={2010},
  publisher={University of Chicago Press}
}
@article{behr1985,
  title={Television news, real-world cues, and changes in the public agenda},
  author={Behr, Roy L and Iyengar, Shanto},
  journal={Public Opinion Quarterly},
  volume={49},
  number={1},
  pages={38--57},
  year={1985},
  publisher={AAPOR}
}

@misc{manifesto2015,
  Author = {Lehmann, Pola and Matthie{\ss}, Theres and Merz, Nicolas and Regel, Sven and Werner, Annika},
  howpublished = {Berlin: WZB Berlin Social Science Center.},
  url ={https://manifesto-project.wzb.eu/},
  Title = {Manifesto Corpus. Version: XXXX-X},
  Year = {2015}}

@article{chaffee1996americans,
  title={How Americans get political information: Print versus broadcast news},
  author={Chaffee, Steven and Frank, Stacey},
  journal={The Annals of the American Academy of Political and Social Science},
  pages={48--58},
  year={1996},
  publisher={JSTOR}
}
@article{anderson2012media,
  title={Media mergers and media bias with rational consumers},
  author={Anderson, Simon P and McLaren, John},
  journal={Journal of the European Economic Association},
  volume={10},
  number={4},
  pages={831--859},
  year={2012},
  publisher={Wiley Online Library}
}
@article{guyon2002gene,
  title={Gene selection for cancer classification using support vector machines},
  author={Guyon, Isabelle and Weston, Jason and Barnhill, Stephen and Vapnik, Vladimir},
  journal={Machine learning},
  volume={46},
  number={1-3},
  pages={389--422},
  year={2002},
  publisher={Springer}
}
@misc{langford2007vowpal,
  title={Vowpal wabbit online learning project},
  author={Langford, John and Li, Lihong and Strehl, Alex},
  year={2007},
  publisher={Technical report, http://hunch. net}
}
@article{petrocik1996issue,
  title={Issue ownership in presidential elections, with a 1980 case study},
  author={Petrocik, John R},
  journal={American journal of political science},
  pages={825--850},
  year={1996},
  publisher={JSTOR}
}

@article{bernhardt2008political,
  title={Political polarization and the electoral effects of media bias},
  author={Bernhardt, Dan and Krasa, Stefan and Polborn, Mattias},
  journal={Journal of Public Economics},
  volume={92},
  number={5},
  pages={1092--1104},
  year={2008},
  publisher={Elsevier}
}
@article{puglisi2011being,
  title={Being the New York Times: the political behaviour of a newspaper},
  author={Puglisi, Riccardo},
  journal={The BE Journal of Economic Analysis \& Policy},
  volume={11},
  number={1},
  year={2011}
}
@article{hirai2000webbase,
  title={WebBase: A repository of web pages},
  author={Hirai, Jun and Raghavan, Sriram and Garcia-Molina, Hector and Paepcke, Andreas},
  journal={Computer Networks},
  volume={33},
  number={1},
  pages={277--293},
  year={2000},
  publisher={Elsevier}
}

@article{cohen1963press,
  title={The press and foreign policy},
  author={Cohen, Bernard Cecil},
  year={1963},
  publisher={princeton university press Princeton, NJ}
}

@article{larcinese2011partisan,
  title={Partisan bias in economic news: Evidence on the agenda-setting behavior of US newspapers},
  author={Larcinese, Valentino and Puglisi, Riccardo and Snyder, James M},
  journal={Journal of Public Economics},
  volume={95},
  number={9},
  pages={1178--1189},
  year={2011},
  publisher={Elsevier}
}

@book{egan2013partisan,
  title={Partisan priorities: How issue ownership drives and distorts American politics},
  author={Egan, Patrick J},
  year={2013},
  publisher={Cambridge University Press}
}

@article{petrocik2003issue,
  title={Issue ownership and presidential campaigning, 1952--2000},
  author={Petrocik, John R and Benoit, William L and Hansen, Glenn J},
  journal={Political Science Quarterly},
  volume={118},
  number={4},
  pages={599--626},
  year={2003},
  publisher={Wiley Online Library}
}

@article{baum2008new,
  title={New media and the polarization of American political discourse},
  author={Baum, Matthew A and Groeling, Tim},
  journal={Political Communication},
  volume={25},
  number={4},
  pages={345--365},
  year={2008},
  publisher={Taylor \& Francis}
}

@article{birkland1998focusing,
  title={Focusing events, mobilization, and agenda setting},
  author={Birkland, Thomas A},
  journal={Journal of public policy},
  volume={18},
  number={01},
  pages={53--74},
  year={1998},
  publisher={Cambridge Univ Press}
}

@article{gailmard2007negative,
  title={Negative agenda control in the Senate and house: Fingerprints of majority party power},
  author={Gailmard, Sean and Jenkins, Jeffery A},
  journal={Journal of Politics},
  volume={69},
  number={3},
  pages={689--700},
  year={2007},
  publisher={Wiley Online Library}
}

@article{iyengar2008selective,
  title={Selective exposure to campaign communication: The role of anticipated agreement and issue public membership},
  author={Iyengar, Shanto and Hahn, Kyu S and Krosnick, Jon A and Walker, John},
  journal={The Journal of Politics},
  volume={70},
  number={01},
  pages={186--200},
  year={2008},
  publisher={Cambridge Univ Press}
}

@article{krosnick1990government,
  title={Government policy and citizen passion: A study of issue publics in contemporary America},
  author={Krosnick, Jon A},
  journal={Political behavior},
  volume={12},
  number={1},
  pages={59--92},
  year={1990},
  publisher={Springer}
}

@article{krosnick1995public,
  title={Public attitudes toward Israel: A study of the attentive and issue publics},
  author={Krosnick, Jon and Telhami, Shibley},
  journal={International Studies Quarterly},
  pages={535--554},
  year={1995},
  publisher={JSTOR}
}

@book{boydstun2013making,
  title={Making the news: Politics, the media, and agenda setting},
  author={Boydstun, Amber E},
  year={2013},
  publisher={University of Chicago Press}
}

@article{iyengar2012affect,
  title={Affect, not ideology a social identity perspective on polarization},
  author={Iyengar, Shanto and Sood, Gaurav and Lelkes, Yphtach},
  journal={Public Opinion Quarterly},
  volume={76},
  number={3},
  pages={405--431},
  year={2012},
  publisher={AAPOR}
}

@article{iyengar1993news,
  title={News coverage of the gulf crisis and public opinion a study of agenda-setting, priming, and framing},
  author={Iyengar, Shanto and Simon, Adam},
  journal={Communication research},
  volume={20},
  number={3},
  pages={365--383},
  year={1993},
  publisher={Sage Publications}
}

@article{iyengar1996framing,
  title={Framing responsibility for political issues},
  author={Iyengar, Shanto},
  journal={The Annals of the American Academy of Political and Social Science},
  pages={59--70},
  year={1996},
  publisher={JSTOR}
}

@article{iyengar1990framing,
  title={Framing responsibility for political issues: The case of poverty},
  author={Iyengar, Shanto},
  journal={Political behavior},
  volume={12},
  number={1},
  pages={19--40},
  year={1990},
  publisher={Springer}
}

@article{jerit2006citizens,
  title={Citizens, knowledge, and the information environment},
  author={Jerit, Jennifer and Barabas, Jason and Bolsen, Toby},
  journal={American Journal of Political Science},
  volume={50},
  number={2},
  pages={266--282},
  year={2006},
  publisher={Wiley Online Library}
}
@article{mccombs1972agenda,
  title={The agenda-setting function of mass media},
  author={McCombs, Maxwell E and Shaw, Donald L},
  journal={Public opinion quarterly},
  pages={176--187},
  year={1972},
  publisher={JSTOR}
}

@article{baumgartner2003policy,
  title={Policy agendas project},
  author={Baumgartner, Frank R and Jones, Bryan D and Wilkerson, John and Adler, E Scott},
  journal={Databases distributed through the University of Washington Center for American Politics. Accessed April},
  volume={6},
  pages={2007},
  year={2003}
}

@article{zou2005regularization,
  title={Regularization and variable selection via the elastic net},
  author={Zou, Hui and Hastie, Trevor},
  journal={Journal of the Royal Statistical Society: Series B (Statistical Methodology)},
  volume={67},
  number={2},
  pages={301--320},
  year={2005},
  publisher={Wiley Online Library}
}

@article{carroll2008common,
  title={Common Space DW-NOMINATE Scores with Bootstrapped Standard Errors (Joint House and Senate Scaling)},
  author={Carroll, Royce and Lewis, Jeff and Lo, James and McCarty, Nolan and Poole, Keith and Rosenthal, Howard},
  journal={Accessed via http://voteview. ucsd. edu/dwnomin\_joint\_house\_and\_senate. htm September},
  volume={28},
  pages={2008},
  year={2008}
}
@article{ter1985,
  title={Correspondence analysis of incidence and abundance data: properties in terms of a unimodal response model},
  author={ter Braak, Cajo JF},
  journal={Biometrics},
  pages={859--873},
  year={1985},
  publisher={JSTOR}
}
@article{tewksbury2005,
  title={The seeds of audience fragmentation: Specialization in the use of online news sites},
  author={Tewksbury, David},
  journal={Journal of broadcasting \& electronic media},
  volume={49},
  number={3},
  pages={332--348},
  year={2005},
  publisher={Taylor \& Francis}
}
@book{hindman2008,
  title={The myth of digital democracy},
  author={Hindman, Matthew},
  year={2008},
  publisher={Princeton University Press}
}

@article{MartinYurukoglu2014,
	Author = {Martin, Gregory and Yurukoglu, Ali},
	Journal = {Unpublished Manuscript},
	Title = {Bias in Cable News: Real Effects and Polarization},
	Year = {2014}
}

@article{maestas2014,
	Author = {Maestas, Cherie D and Buttice, Matthew K and Stone, Walter J},
	Date-Added = {2014-08-12 19:54:36 +0000},
	Date-Modified = {2014-08-12 19:54:48 +0000},
	Journal = {Political Analysis, forthcoming},
	Publisher = {SPM-PMSAPSA},
	Title = {Extracting Wisdom from Experts and Small Crowds: Strategies for Improving Informant-based Measures of Political Concepts},
	Year = {2014}}

@article{gasper2011,
	Author = {Gasper, John T},
	Date-Added = {2014-08-11 23:44:22 +0000},
	Date-Modified = {2014-08-11 23:44:26 +0000},
	Journal = {International Quarterly Journal of Political Science},
	Number = {1},
	Pages = {85--102},
	Publisher = {now publishers},
	Title = {Shifting ideologies? Re-examining media bias},
	Volume = {6},
	Year = {2011}}

@book{egan2013,
	Author = {Egan, Patrick J},
	Date-Added = {2014-08-09 19:19:32 +0000},
	Date-Modified = {2014-08-09 19:19:36 +0000},
	Publisher = {Cambridge University Press},
	Title = {Partisan Priorities: How Issue Ownership Drives and Distorts American Politics},
	Year = {2013}}

@article{eisensee2007news,
  title={News droughts, news floods, and US disaster relief},
  author={Eisensee, Thomas and Str{\"o}mberg, David},
  journal={The Quarterly Journal of Economics},
  pages={693--728},
  year={2007},
  publisher={JSTOR}
}

@article{iyengar1989citizens,
  title={How citizens think about national issues: A matter of responsibility},
  author={Iyengar, Shanto},
  journal={American Journal of Political Science},
  pages={878--900},
  year={1989},
  publisher={JSTOR}
}

@article{petrocik1996,
	Author = {Petrocik, John R},
	Date-Added = {2014-08-09 19:19:03 +0000},
	Date-Modified = {2014-08-09 19:19:06 +0000},
	Journal = {American Journal of Political Science},
	Pages = {825--850},
	Publisher = {JSTOR},
	Title = {Issue ownership in presidential elections, with a 1980 case study},
	Year = {1996}}

@inproceedings{jackman2012,
	Author = {Jackman, Simon and LaCour, Michael J and Lewis, Jeffrey B and Vavreck, Lynn},
	Booktitle = {APSA 2012 Annual Meeting Paper},
	Date-Added = {2014-08-09 17:16:34 +0000},
	Date-Modified = {2014-08-09 17:16:34 +0000},
	Title = {Digital fingerprints: A new method for measuring political advertising},
	Year = {2012}}

@article{gentzkow2011,
	Author = {Gentzkow, Matthew and Shapiro, Jesse M},
	Date-Added = {2014-08-09 16:37:25 +0000},
	Date-Modified = {2014-08-09 16:37:25 +0000},
	Journal = {The Quarterly Journal of Economics},
	Number = {4},
	Pages = {1799--1839},
	Publisher = {Oxford University Press},
	Title = {Ideological segregation online and offline},
	Volume = {126},
	Year = {2011}}

@article{jessee2009,
	Author = {Jessee, Stephen A},
	Journal = {American Political Science Review},
	Number = {01},
	Pages = {59--81},
	Publisher = {Cambridge Univ Press},
	Title = {Spatial voting in the 2004 presidential election},
	Volume = {103},
	Year = {2009}}

@article{tausanovitch2013,
	Author = {Tausanovitch, Chris and Warshaw, Christopher},
	Journal = {The Journal of Politics},
	Number = {02},
	Pages = {330--342},
	Publisher = {Cambridge Univ Press},
	Title = {Measuring Constituent Policy Preferences in Congress, State Legislatures, and Cities},
	Volume = {75},
	Year = {2013}}

@article{habel2012,
	Author = {Habel, Philip D},
	Date-Added = {2014-03-24 12:15:34 +0000},
	Date-Modified = {2014-03-24 12:15:34 +0000},
	Journal = {Political Communication},
	Number = {3},
	Pages = {257--277},
	Publisher = {Taylor \&amp; Francis},
	Title = {Following the Opinion Leaders? The Dynamics of Influence Among Media Opinion, the Public, and Politicians},
	Volume = {29},
	Year = {2012}}

@article{ho2008,
	Author = {Ho, Daniel E and Quinn, Kevin M and others},
	Journal = {Quarterly Journal of Political Science},
	Number = {4},
	Pages = {353--377},
	Publisher = {Mike Casey},
	Title = {Measuring explicit political positions of media},
	Volume = {3},
	Year = {2008}}

@misc{bonica2013,
	Author = {Bonica, Adam},
	howpublished = {Stanford, CA: Stanford University Libraries.},
	url ={http://data.stanford.edu/dime},
	Title = {Database on Ideology, Money in Politics, and Elections: Public version 1.0 [Computer file]},
	Year = {2013}}

@article{lowe2008,
	Author = {Lowe, Will},
	Date-Added = {2014-03-19 05:02:05 +0000},
	Date-Modified = {2014-03-19 05:02:09 +0000},
	Journal = {Political Analysis},
	Number = {4},
	Pages = {356--371},
	Publisher = {SPM-PMSAPSA},
	Title = {Understanding wordscores},
	Volume = {16},
	Year = {2008}}

@book{greenacre2010,
	Author = {Greenacre, Michael},
	Date-Added = {2014-03-19 04:10:08 +0000},
	Date-Modified = {2014-03-19 04:10:12 +0000},
	Publisher = {CRC Press},
	Title = {Correspondence analysis in practice},
	Year = {2010}}

@book{greenacre1984,
	Author = {Greenacre, Michael J},
	Date-Added = {2014-03-19 04:07:54 +0000},
	Date-Modified = {2014-03-19 04:07:58 +0000},
	Title = {Theory and applications of correspondence analysis},
	Year = {1984}}

@article{nenadic2007,
	Author = {O. Nenadic and M. Greenacre},
	Date-Added = {2014-03-19 04:06:24 +0000},
	Date-Modified = {2014-03-19 04:06:24 +0000},
	Journal = {Journal of Statistical Software},
	Number = {3},
	Pages = {1-13},
	Title = {Correspondence Analysis in R, with two- and three-dimensional graphics: The ca package},
	Url = {http://www.jstatsoft.org},
	Volume = {20},
	Year = {2007},
	Bdsk-Url-1 = {http://www.jstatsoft.org}}

@unpublished{jackman2014,
	Author = {Jackman, S.},
	Date-Added = {2014-03-12 23:26:42 +0000},
	Date-Modified = {2014-03-12 23:26:56 +0000},
	Note = {Retrieved on March 11th, 2014},
	Title = {Estimates of Members' Preferences, 113th U.S. House and Senate},
	Year = {2014}}

@article{arceneaux2012,
	Author = {Arceneaux, Kevin and Johnson, Martin and Murphy, Chad},
	Date-Added = {2014-02-28 04:20:41 +0000},
	Date-Modified = {2014-02-28 04:20:46 +0000},
	Journal = {The Journal of Politics},
	Number = {01},
	Pages = {174--186},
	Publisher = {Cambridge Univ Press},
	Title = {Polarized political communication, oppositional media hostility, and selective exposure},
	Volume = {74},
	Year = {2012}}

@book{festinger1957,
	Author = {Festinger, Leon},
	Date-Added = {2014-02-28 04:02:11 +0000},
	Date-Modified = {2014-02-28 04:02:25 +0000},
	Publisher = {Stanford university press},
	Title = {A theory of cognitive dissonance},
	Year = {1962}}

@article{kosinski2013,
	Author = {Kosinski, Michal and Stillwell, David and Graepel, Thore},
	Date-Added = {2014-02-27 01:30:10 +0000},
	Date-Modified = {2014-02-27 01:30:10 +0000},
	Journal = {Proceedings of the National Academy of Sciences},
	Number = {15},
	Pages = {5802--5805},
	Publisher = {National Acad Sciences},
	Title = {Private traits and attributes are predictable from digital records of human behavior},
	Volume = {110},
	Year = {2013}}

@techreport{hale2012,
	Author = {Hale, S.A. and Gaffney, D. and Graham, M.},
	Date-Added = {2014-02-26 23:32:52 +0000},
	Date-Modified = {2014-02-26 23:32:52 +0000},
	Institution = {Working paper},
	Title = {Where in the world are you? Geolocation and language identification in Twitter},
	Year = {2012}}

@inproceedings{hecht2011,
	Author = {Hecht, B. and Hong, L. and Suh, B. and Chi, E.H.},
	Booktitle = {Proceedings of the 2011 annual conference on Human factors in computing systems},
	Date-Added = {2014-02-26 23:32:52 +0000},
	Date-Modified = {2014-02-26 23:32:52 +0000},
	Organization = {ACM},
	Pages = {237--246},
	Title = {Tweets from Justin Bieber's heart: the dynamics of the location field in user profiles},
	Year = {2011}}

@book{gelman2013,
	Author = {Gelman, A. and Carlin, J.B. and Stern, H.S. and Rubin, D.B.},
	Date-Added = {2014-02-26 23:32:48 +0000},
	Date-Modified = {2014-02-26 23:32:48 +0000},
	Publisher = {Chapman \& Hall/CRC},
	Title = {Bayesian data analysis, 3rd Edition},
	Year = {2013}}

@article{bonica2013b,
	Author = {Bonica, Adam},
	Date-Added = {2014-02-26 23:32:39 +0000},
	Date-Modified = {2014-02-26 23:32:39 +0000},
	Journal = {American Journal of Political Science (forthcoming)},
	Title = {Mapping the Ideological Marketplace},
	Year = {2013}}

@article{clinton2004,
	Author = {Clinton, J. and Jackman, S. and Rivers, D.},
	Date-Added = {2014-02-26 23:32:33 +0000},
	Date-Modified = {2014-02-26 23:32:33 +0000},
	Journal = {American Political Science Review},
	Number = {2},
	Pages = {355--370},
	Publisher = {Cambridge Univ Press},
	Title = {The statistical analysis of roll call data},
	Volume = {98},
	Year = {2004}}

@book{poole2007,
	Author = {Poole, K.T. and Rosenthal, H.},
	Date-Added = {2014-02-26 23:32:30 +0000},
	Date-Modified = {2014-02-26 23:32:30 +0000},
	Edition = {2nd edition},
	Publisher = {Transaction Pub},
	Title = {Ideology and Congress},
	Year = {2007}}

@article{vanderlinden1997,
	Author = {Linden, W.J. and Hamlbleton, RK},
	Date-Added = {2014-02-26 23:32:24 +0000},
	Date-Modified = {2014-02-26 23:32:24 +0000},
	Journal = {Journal of the Royal Statistical Society-Series A Statistics in Society},
	Number = {3},
	Pages = {596},
	Publisher = {London: Royal Statistical Society, 1988-},
	Title = {Handbook of modern item response theory},
	Volume = {160},
	Year = {1997}}

@article{hoff2002,
	Author = {Hoff, Peter D and Raftery, Adrian E and Handcock, Mark S},
	Date-Added = {2014-02-26 23:32:19 +0000},
	Date-Modified = {2014-02-26 23:32:19 +0000},
	Journal = {Journal of the American Statistical Association},
	Number = {460},
	Pages = {1090--1098},
	Publisher = {Taylor \&amp; Francis},
	Title = {Latent space approaches to social network analysis},
	Volume = {97},
	Year = {2002}}

@book{enelow1984,
	Author = {Enelow, J.M. and Hinich, M.J.},
	Date-Added = {2014-02-26 23:32:14 +0000},
	Date-Modified = {2014-02-26 23:32:14 +0000},
	Publisher = {Cambridge Univ Pr},
	Title = {The spatial theory of voting: An introduction},
	Year = {1984}}

@article{chan2008,
	Author = {Chan, J. and Suen, W.},
	Date-Added = {2014-02-26 23:32:08 +0000},
	Date-Modified = {2014-02-26 23:32:08 +0000},
	Journal = {Review of Economic Studies},
	Number = {3},
	Pages = {699--728},
	Publisher = {Wiley Online Library},
	Title = {A spatial theory of news consumption and electoral competition},
	Volume = {75},
	Year = {2008}}

@inproceedings{oken2012,
	Author = {Oken Hodas, N. and Lerman, K.},
	Booktitle = {Privacy, Security, Risk and Trust (PASSAT), 2012 International Conference on and 2012 International Confernece on Social Computing (SocialCom)},
	Date-Added = {2014-02-26 23:32:00 +0000},
	Date-Modified = {2014-02-26 23:32:00 +0000},
	Title = {How Visibility and Divided Attention Constrain Social Contagion},
	Year = {2012}}

@article{bryant2004,
	Author = {Bryant, J. and Miron, D.},
	Date-Added = {2014-02-26 23:31:46 +0000},
	Date-Modified = {2014-02-26 23:31:46 +0000},
	Journal = {Journal of communication},
	Number = {4},
	Pages = {662--704},
	Title = {Theory and research in mass communication},
	Volume = {54},
	Year = {2004}}

@book{lazarsfeld1944,
	Author = {Lazarsfeld, P.F. and Berelson, B. and Gaudet, H.},
	Date-Added = {2014-02-26 23:31:39 +0000},
	Date-Modified = {2014-02-26 23:31:39 +0000},
	Publisher = {New York: Duell, Sloan and Pearce},
	Title = {The peoples choice: How the voter makes up his mind in a presidential election},
	Year = {1944}}

@article{an2012,
	Author = {An, Jisun and Cha, Meeyoung and Gummadi, Krishna P and Crowcroft, Jon and Quercia, Daniele},
	Journal = {Association for the Advancement of Artificial Intelligence (AAAI), Technical WS-12-11},
	Title = {Visualizing media bias through Twitter},
	Year = {2012}}

@article{barbera2011,
	Author = {Barber{\'a}, Pablo},
	Journal = {Unpublished Manuscript},
	Title = {A new measure of party identification in Twitter. evidence from Spain},
	Year = {2011}}

@article{barbera2014,
	Author = {Barber{\'a}, Pablo},
	Date-Modified = {2014-08-08 20:02:22 +0000},
	Journal = {Political Analysis, forthcoming},
	Title = {Birds of the Same Feather Tweet Together: Bayesian Ideal Point Estimation Using Twitter Data},
	Year = {2014}}

@misc{barbera2013,
	Author = {Barber\'{a}, P.},
	Date-Added = {2013-11-18 16:48:42 +0000},
	Date-Modified = {2013-11-18 16:48:42 +0000},
	Howpublished = {R package available on {CRAN}},
	Title = {streamR: Access to Twitter Streaming API via R},
	Url = {http://CRAN.R-project.org/package=streamR},
	Year = {2013},
	Bdsk-Url-1 = {http://CRAN.R-project.org/package=foreign}}

@inproceedings{barbera2014follow,
  title={Follow Your Ideology: A Measure of Ideological Location of Media Sources},
  author={Barbera, Pablo and Sood, Gaurav},
  booktitle={Annual Meeting of the Midwest Political Science Association},
  year={2014}
}

@inproceedings{goggin2015,
  title={Party Guessed? Assessing Party Ownership of Issues and Traits with a Conjoint Classification Experiment.},
  author={Goggin, Stephen N., John A. Henderson and Alexander G. Theodoridis},
  booktitle={Annual Meeting of the Midwest Political Science Association},
  year={2015}
}

@article{bennett2008,
	Author = {Bennett, W Lance and Iyengar, Shanto},
	Journal = {Journal of Communication},
	Number = {4},
	Pages = {707--731},
	Publisher = {Wiley Online Library},
	Title = {A new era of minimal effects? The changing foundations of political communication},
	Volume = {58},
	Year = {2008}}

@article{dellavigna2007,
	Author = {DellaVigna, Stefano and Kaplan, Ethan},
	Journal = {The Quarterly Journal of Economics},
	Number = {3},
	Pages = {1187--1234},
	Publisher = {Oxford University Press},
	Title = {The Fox News effect: Media bias and voting},
	Volume = {122},
	Year = {2007}}

@article{garrett2009,
	Author = {Garrett, R Kelly},
	Journal = {Journal of Computer-Mediated Communication},
	Number = {2},
	Pages = {265--285},
	Publisher = {Wiley Online Library},
	Title = {Echo chambers online?: Politically motivated selective exposure among Internet news users1},
	Volume = {14},
	Year = {2009}}

@techreport{gentzkow2005,
	Author = {Gentzkow, Matthew and Shapiro, Jesse},
	Institution = {National Bureau of Economic Research},
	Title = {Media bias and reputation},
	Year = {2005}}

@article{gentzkow2010,
	Author = {Gentzkow, Matthew and Shapiro, Jesse M},
	Journal = {Econometrica},
	Number = {1},
	Pages = {35--71},
	Publisher = {Wiley Online Library},
	Title = {What drives media slant? Evidence from US daily newspapers},
	Volume = {78},
	Year = {2010}}

@inproceedings{golbeck2011,
	Author = {Golbeck, Jennifer and Hansen, Derek},
	Booktitle = {Proceedings of the SIGCHI Conference on Human Factors in Computing Systems},
	Organization = {ACM},
	Pages = {1105--1108},
	Title = {Computing political preference among twitter followers},
	Year = {2011}}

@article{groseclose2005,
	Author = {Groseclose, Tim and Milyo, Jeffrey},
	Journal = {The Quarterly Journal of Economics},
	Number = {4},
	Pages = {1191--1237},
	Publisher = {Oxford University Press},
	Title = {A measure of media bias},
	Volume = {120},
	Year = {2005}}

@article{hopkins2013,
	Author = {Hopkins, Daniel J and Ladd, Jonathan M},
	Journal = {Quarterly Journal of Political Science},
	Title = {The consequences of broader media choice: evidence from the expansion of Fox News},
	Year = {2013}}

@article{iyengar2009,
	Author = {Iyengar, Shanto and Hahn, Kyu S},
	Journal = {Journal of Communication},
	Number = {1},
	Pages = {19--39},
	Publisher = {Wiley Online Library},
	Title = {Red media, blue media: Evidence of ideological selectivity in media use},
	Volume = {59},
	Year = {2009}}

@article{laver2003,
	Author = {Laver, Michael and Benoit, Kenneth and Garry, John},
	Journal = {American Political Science Review},
	Number = {02},
	Pages = {311--331},
	Publisher = {Cambridge Univ Press},
	Title = {Extracting policy positions from political texts using words as data},
	Volume = {97},
	Year = {2003}}

@inproceedings{lacour2013,
	Author = {LaCour, Michael J},
	Booktitle = {APSA 2013 Annual Meeting Paper},
	Title = {A Balanced Information Diet, Not Selective Exposure: Evidence from Erie to Arbitron},
	Year = {2013}}

@inproceedings{kwak2010,
	Author = {Kwak, Haewoon and Lee, Changhyun and Park, Hosung and Moon, Sue},
	Booktitle = {Proceedings of the 19th international conference on World wide web},
	Organization = {ACM},
	Pages = {591--600},
	Title = {What is Twitter, a social network or a news media?},
	Year = {2010}}

@inproceedings{morgan2013,
	Author = {Morgan, Jonathan Scott and Lampe, Cliff and Shafiq, Muhammad Zubair},
	Booktitle = {Proceedings of the 2013 conference on Computer supported cooperative work},
	Organization = {ACM},
	Pages = {887--896},
	Title = {Is news sharing on Twitter ideologically biased?},
	Year = {2013}}

@techreport{pew2004,
	Author = {Kohut, Andrew},
	Institution = {Pew Research Center for The People and The Press},
	Title = {How Journalists See Journalists},
	Year = {2004}}

@techreport{pew2008,
	Author = {Kohut, Andrew},
	Institution = {Pew Research Center for The People and The Press},
	Title = {State of the News Media},
	Year = {2008}}

@techreport{puglisi2011,
	Author = {Puglisi, Riccardo and Snyder, James M},
	Institution = {National Bureau of Economic Research},
	Title = {The Balanced US Press},
	Year = {2011}}

@article{stroud2008,
	Author = {Stroud, Natalie Jomini},
	Journal = {Political Behavior},
	Number = {3},
	Pages = {341--366},
	Publisher = {Springer},
	Title = {Media use and political predispositions: Revisiting the concept of selective exposure},
	Volume = {30},
	Year = {2008}}

@unpublished{toff2013,
	Author = {Toff, Benjamin J and Kim, Young Mie},
	Note = {Unpublished manuscript},
	Title = {Words That Matter: Twitter and Partisan Polarization},
	Year = {2013}}

@book{weaver2009,
	Author = {Weaver, David H and Beam, Randal A and Brownlee, Bonnie J and Voakes, Paul S and Wilhoit, G Cleveland},
	Publisher = {Routledge},
	Title = {The American journalist in the 21st century: US news people at the dawn of a new millennium},
	Year = {2009}
}

@unpublished{wong2013,
	Author = {Wong, Felix Ming Fai and Tan, Chee Wei and Sen, Soumya and Chiang, Mung},
	Note = {Unpublished manuscript},
	Title = {Quantifying Political Leaning from Tweets and Retweets},
	Year = {2013}
}
